@book {
    definitionML,
    author = {
        Mitchell,
        Tom
    },
    year = {
        2006
    },
    pages = {
        3
    },
    title = {
        The Discipline of Machine Learning
    },
    publisher = {
        Carnegie Mellon University
    }
}
@book {
    russel2010,
    author = {
        Russell,
        Stuart and Norvig,
        Peter
    },
    edition = 3,
    publisher = {
        Prentice Hall
    },
    title = {
        Artificial Intelligence: A Modern Approach
    },
    year = {
        2010
    },
    pages = {
        694 - 695
    }
}

@inproceedings {
    threatdetectionyoutube,
    author = {
        Kandias,
        Miltiadis and Stavrou,
        Vasilis and Bozovic,
        Nick and Gritzalis,
        Dimitris
    },
    year = {
        2013
    },
    month = {
        11
    },
    pages = {
        261 - 266
    },
    title = {
        Proactive insider threat detection through social media: The YouTube case
    },
    journal = {
        Proceedings of the ACM Conference on Computer and Communications Security
    },
}

@article {
    supportvectornetworks,
    title = {
        Support - vector networks
    },
    author = {
        Corinna Cortes and Vladimir Vapnik
    },
    journal = {
        Machine Learning
    },
    volume = {
        20
    },
    number = {
        3
    },
    pages = {
        273--297
    },
    year = {
        1995
    }
}
@book {
    WITTEN201185,
    title = {
        Data Mining: Practical Machine Learning Tools and Techniques(Third Edition)
    },
    publisher = {
        Morgan Kaufmann
    },
    edition = {
        Third Edition
    },
    pages = {
        125 - 127
    },
    year = {
        2011
    },
    author = {
        Ian H.Witten and Eibe Frank and Mark A.Hall
    }
}

@book {
    tan2005introduction,
    author = {
        Tan,
        Pang - Ning and Steinbach,
        Michael and Kumar,
        Vipin
    },
    publisher = {
        Addison Wesley
    },
    title = {
        Introduction to Data Mining
    },
    year = 2005
}

@book {
    speechandlanguageproc,
    author = {
        Jurafsky,
        Daniel and Martin,
        James
    },
    year = {
        2008
    },
    pages = {
        60
    },
    title = {
        Speech and Language Processing: An Introduction to Natural Language Processing,
        Computational Linguistics,
        and Speech Recognition
    }
}

@book {
    manning_raghavan_schutze_2008,
    title = {
        Introduction to Information Retrieval
    },
    publisher = {
        Cambridge University Press
    },
    author = {
        Manning,
        Christopher D.and Raghavan,
        Prabhakar and Schütze,
        Hinrich
    },
    year = {
        2008
    },
    pages = {
        117 - 119
    },
}
@article {
    kimYoonCNN,
    author = {
        Kim,
        Yoon
    },
    year = {
        2014
    },
    month = {
        08
    },
    pages = {},
    title = {
        Convolutional Neural Networks for Sentence Classification
    },
    journal = {
        Proceedings of the 2014 Conference on Empirical Methods in Natural Language Processing
    }
}
@misc {
    BaeldungEmbedding,
    author = {
        Baeldung
    },
    title = {
        Dimensionality of Word Embeddings
    },
    howpublished = "\url{https://www.baeldung.com/cs/dimensionality-word-embeddings}",
    year = {
        2023
    },
    note = "[Tiešsaistē; Skatīts Okt. 14, 2023]"
}
@misc {
    AwsNeuralNetworks,
    author = {
        AWS
    },
    title = {
        What is a Neural Network?
    },
    howpublished = "\url{https://aws.amazon.com/what-is/neural-network/}",
    year = {
        2023
    },
    note = "[Tiešsaistē; Skatīts Okt. 24, 2023]"
}
@book {
    mitchell1997,
    author = {
        Mitchell,
        Tom
    },
    publisher = {
        McGraw - Hill Education
    },
    title = {
        Machine Learning
    },
    year = 1997,
    pages = {
        52 - 53
    },
}
